<record><leader>00000cas a22000007i 4500</leader><controlfield tag="001">793740832</controlfield><controlfield tag="006">m     o  d        </controlfield><controlfield tag="007">cr |||||||||||</controlfield><controlfield tag="008">120516d18321832msuwr neo     0   a0eng d</controlfield><datafield ind1=" " ind2=" " tag="010"><subfield code="a">  2017218868</subfield></datafield><datafield ind1=" " ind2=" " tag="040"><subfield code="a">CRL</subfield><subfield code="b">eng</subfield><subfield code="c">CRL</subfield><subfield code="d">OCLCQ</subfield><subfield code="d">OCLCF</subfield><subfield code="d">CRL</subfield><subfield code="d">OCLCO</subfield><subfield code="d">OCLCQ</subfield><subfield code="d">DLC</subfield></datafield><datafield ind1="0" ind2=" " tag="022"><subfield code="a">2575-5218</subfield><subfield code="2">1</subfield></datafield><datafield ind1=" " ind2=" " tag="042"><subfield code="a">msc</subfield><subfield code="a">nsdp</subfield></datafield><datafield ind1=" " ind2=" " tag="043"><subfield code="a">n-us-ms</subfield></datafield><datafield ind1="1" ind2="0" tag="050"><subfield code="a">ISSN RECORD</subfield></datafield><datafield ind1="1" ind2="0" tag="082"><subfield code="a">071</subfield><subfield code="2">23</subfield></datafield><datafield ind1="0" ind2=" " tag="130"><subfield code="a">Southern planter (Woodville, Miss.)</subfield></datafield><datafield ind1=" " ind2="0" tag="222"><subfield code="a">Southern planter</subfield><subfield code="b">(Woodville, Miss. Online)</subfield></datafield><datafield ind1="1" ind2="0" tag="245"><subfield code="a">Southern planter.</subfield></datafield><datafield ind1=" " ind2="1" tag="264"><subfield code="a">Woodville, Mississippi :</subfield><subfield code="b">Wm. A. A. Chisholm,</subfield><subfield code="c">1832.</subfield></datafield><datafield ind1=" " ind2=" " tag="300"><subfield code="a">1 online resource (volumes)</subfield></datafield><datafield ind1=" " ind2=" " tag="310"><subfield code="a">Weekly</subfield></datafield><datafield ind1=" " ind2=" " tag="336"><subfield code="a">text</subfield><subfield code="b">txt</subfield><subfield code="2">rdacontent</subfield></datafield><datafield ind1=" " ind2=" " tag="337"><subfield code="a">computer</subfield><subfield code="b">c</subfield><subfield code="2">rdamedia</subfield></datafield><datafield ind1=" " ind2=" " tag="338"><subfield code="a">online resource</subfield><subfield code="b">cr</subfield><subfield code="2">rdacarrier</subfield></datafield><datafield ind1="1" ind2=" " tag="362"><subfield code="a">Began with volume I, no. 1 (January 5, 1832); ceased with volume I, no. 52 (December 29, 1832).</subfield></datafield><datafield ind1=" " ind2=" " tag="588"><subfield code="a">Description based on: Volume I, no. 1 (January 5, 1832); title from masthead (Chroniclingamerica.loc.gov, viewed October 11, 2017).</subfield></datafield><datafield ind1=" " ind2=" " tag="588"><subfield code="a">Latest issue consulted: Volume I, no. 52 (December 29, 1832) (Chroniclingamerica.loc.gov, viewed October 11, 2017).</subfield></datafield><datafield ind1=" " ind2="0" tag="651"><subfield code="a">Woodville (Miss.)</subfield><subfield code="v">Newspapers.</subfield></datafield><datafield ind1=" " ind2="7" tag="651"><subfield code="a">Mississippi</subfield><subfield code="z">Woodville.</subfield><subfield code="2">fast</subfield><subfield code="0">(OCoLC)fst01256176</subfield></datafield><datafield ind1=" " ind2="7" tag="655"><subfield code="a">Newspapers.</subfield><subfield code="2">fast</subfield><subfield code="0">(OCoLC)fst01423814</subfield></datafield><datafield ind1=" " ind2=" " tag="752"><subfield code="a">United States</subfield><subfield code="b">Mississippi</subfield><subfield code="c">Wilkinson</subfield><subfield code="d">Woodville.</subfield></datafield><datafield ind1="0" ind2="8" tag="776"><subfield code="i">Originally issued in print:</subfield><subfield code="t">Southern planter (Woodville, Miss.)</subfield><subfield code="x">2575-520X</subfield><subfield code="w">(DLC)sn 87065672</subfield><subfield code="w">(OCoLC)16582247</subfield></datafield><datafield ind1="0" ind2="0" tag="780"><subfield code="t">Mississippi Democrat (Woodville, Miss.)</subfield></datafield><datafield ind1="0" ind2="0" tag="785"><subfield code="t">Woodville Republican (Woodville, Miss. : 1833)</subfield><subfield code="x">2378-332X</subfield><subfield code="w">(DLC)  2015218667</subfield><subfield code="w">(OCoLC)906800954</subfield></datafield><datafield ind1="4" ind2="0" tag="856"><subfield code="3">Center for Research Libraries: 1832</subfield><subfield code="u">https://dds.crl.edu/crldelivery/19146</subfield><subfield code="z">Center for Research Libraries: 1832</subfield></datafield><datafield ind1="4" ind2="0" tag="856"><subfield code="u">http://www.loc.gov/chroniclingamerica/lccn/sn87065672/issues</subfield></datafield></record>